@article{blough1,
    author =       "Jason R. Blough",
    title =        "A Survey of DSP Methods for Rotating Machinery Analysis, What is Needed, What is Available",
    journal =      "Symposium on Emerging Trends in Vibration and Noise Engineering",
    year =         "2001",
}


@article{einstein,
    author =       "Albert Einstein",
    title =        "{Zur Elektrodynamik bewegter K{\"o}rper}. ({German})
    [{On} the electrodynamics of moving bodies]",
    journal =      "Annalen der Physik",
    volume =       "322",
    number =       "10",
    pages =        "891--921",
    year =         "1905",
    DOI =          "http://dx.doi.org/10.1002/andp.19053221004",
    keywords =     "physics"
}
 
@book{smith,
    title={Digital Signal Processing. A Practical Guide for Engineers and Scientists},
    author={Steven W. Smith},
    isbn={9780750674447},
    series={Demystifying Technology Series},
    year={2003},
    publisher={Newnes},
    keywords = {DSP}
}
 
@online{NIwindow,
%    author    = "Donald Knuth",
    title     = "Understanding FFTs and Windowing",
    url       = "http://www.ni.com/white-paper/4844/en/",
    keywords  = "windowing,sampling"
}
 
@inbook{knuth-dftapp,
    author = "Steven W. Smith",
    title = "Applications of the DFT",
    publisher = "Newnes",
    year = "2003",
    chapter = "9",
    keywords  = "smith,FRF"
}

@misc{Charles2013,
  author = {Charles, P.W.D.},
  title = {Project Title},
  year = {2013},
  publisher = {GitHub},
  journal = {GitHub repository},
  howpublished = {\url{https://github.com/charlespwd/project-title}},
  commit = {4f57d6a0e4c030202a07a60bc1bb1ed1544bf679}
}
